<collection xmlns="http://www.loc.gov/MARC21/slim">
<record>
  <leader>01448nam0a22002171i 450 </leader>
  <controlfield tag="001">IT\ICCU\CNCE\065685</controlfield>
  <controlfield tag="005">20060731000000.0</controlfield>
  <datafield tag="012" ind1=" " ind2=" ">
    <subfield code="a">o-ma 02od sede 6N5S (3) 1589 (R)</subfield>
    <subfield code="2">fei</subfield>
  </datafield>
  <datafield tag="100" ind1=" " ind2=" ">
    <subfield code="a">20060726d1589        0itac0103    ba</subfield>
  </datafield>
  <datafield tag="101" ind1=" " ind2=" ">
    <subfield code="a">LAT</subfield>
  </datafield>
  <datafield tag="102" ind1=" " ind2=" ">
    <subfield code="a">IT</subfield>
  </datafield>
  <datafield tag="200" ind1="1" ind2=" ">
    <subfield code="a">℗Ioannis Grandis Anuersani iuriscon. clariss. et sereniss. Philippi regis auditoris. In prouincia Bari &amp; in Regno Neapolit. contra exules ℗Tractatus ac praxis de bello exulum. Vbi tam potestas praesidibus prouinciarum concessa procedendi in exules ad modum belli &amp; militari modo tractatur, quam banna contra eosdem edita explicantur, ac omnia quae ad exulum extirpationem &amp; densionem requiruntur, miro ordine practicantur, ita vt nihil vlterius desiderari possit. Cum summariis ac indice locupletissimo summa diligentia editis per militem, ac equitem auratum d. Martium Fellium Aueanensem. V.I.D</subfield>
  </datafield>
  <datafield tag="210" ind1=" " ind2=" ">
    <subfield code="a">Neapoli</subfield>
    <subfield code="c">apud Horatium Saluianum</subfield>
    <subfield code="d">1589</subfield>
    <subfield code="e">Neapoli</subfield>
    <subfield code="g">apud Horatium Saluianum</subfield>
    <subfield code="h">1589</subfield>
  </datafield>
  <datafield tag="215" ind1=" " ind2=" ">
    <subfield code="a">\28!, 222, \2! p.</subfield>
    <subfield code="d">4</subfield>
  </datafield>
  <datafield tag="300" ind1=" " ind2=" ">
    <subfield code="a">Stemma xil. sul front. -  Iniz. e fregi xil. -  Segn.: \a!-b4 c6 A-2E4. -  Bianca l&apos;ultima cANNULLATA: cfr. ID. 21560</subfield>
  </datafield>
  <datafield tag="620" ind1=" " ind2=" ">
    <subfield code="a">IT</subfield>
    <subfield code="d">Napoli</subfield>
  </datafield>
  <datafield tag="700" ind1=" " ind2="1">
    <subfield code="a">Grande,</subfield>
    <subfield code="b">Giovanni</subfield>
    <subfield code="3">IT\ICCU\CNCA\006234</subfield>
  </datafield>
  <datafield tag="712" ind1="0" ind2="0">
    <subfield code="a">Salviani, Orazio</subfield>
    <subfield code="3">IT\ICCU\CNCT\000065</subfield>
    <subfield code="4">650</subfield>
  </datafield>
  <datafield tag="791" ind1="0" ind2="2">
    <subfield code="a">Officina Salviana</subfield>
    <subfield code="c"> &lt;Napoli&gt;</subfield>
    <subfield code="3">IT\ICCU\CNCT\003024</subfield>
    <subfield code="z">Salviani, Orazio</subfield>
  </datafield>
  <datafield tag="791" ind1="0" ind2="0">
    <subfield code="a">Salvianus, Horatius</subfield>
    <subfield code="3">IT\ICCU\CNCT\005547</subfield>
    <subfield code="z">Salviani, Orazio</subfield>
  </datafield>
  <datafield tag="801" ind1=" " ind2="3">
    <subfield code="a">IT</subfield>
    <subfield code="b">ICCU</subfield>
    <subfield code="c">20201115</subfield>
  </datafield>
</record>
</collection>
